<record xmlns="http://www.loc.gov/MARC21/slim" xmlns:xsi="http://www.w3.org/2001/XMLSchema-instance" xsi:schemaLocation="http://www.loc.gov/MARC21/slim http://www.loc.gov/standards/marcxml/schema/MARC21slim.xsd">

  <leader>00612nam a2200157Ia 4500</leader>
  <datafield tag="090" ind2=" " ind1=" ">
    <subfield code="a">CD #229</subfield>
  </datafield>
  <datafield ind1=" " ind2=" " tag="111">
    <subfield code="a">I Simposio Anual sobre los Derechos de la Niñez y la Adolescencia (2002 : San José, Costa Rica )</subfield>
  </datafield>
  <datafield tag="245" ind2=" " ind1=" ">
    <subfield code="a">La contribución y el compromiso de la Universidad de Costa Rica con los derechos de la niñez y la adolescencia / PRIDENA</subfield>
  </datafield>
  <datafield ind2=" " tag="300" ind1=" ">
    <subfield code="a">disco compacto</subfield>
  </datafield>
  <datafield ind2=" " tag="650" ind1=" ">
    <subfield code="a">NIÑOS </subfield>
  </datafield>
  <datafield ind1=" " tag="650" ind2=" ">
    <subfield code="a">NIÑAS</subfield>
  </datafield>
  <datafield tag="650" ind2=" " ind1=" ">
    <subfield code="a">ADOLESCENCIA</subfield>
  </datafield>
  <datafield ind1=" " ind2=" " tag="650">
    <subfield code="a">DERECHOS DEL NIÑO</subfield>
  </datafield>
  <datafield tag="711" ind2=" " ind1=" ">
    <subfield code="a"> I Simposio Anual sobre los Derechos de la Niñez y la Adolescencia (2002 : San José, Costa Rica )</subfield>
  </datafield>
  <datafield ind2=" " tag="942" ind1=" ">
    <subfield code="p">00237 </subfield>
  </datafield>
  <datafield ind1=" " ind2=" " tag="999">
    <subfield code="c">2483</subfield>
    <subfield code="d">2483</subfield>
  </datafield>
</record>